<record><leader>00000cas a22000007a 4500</leader><controlfield tag="001">18501874</controlfield><controlfield tag="008">880919d18851919aruwr ne      0    0eng d</controlfield><datafield ind1=" " ind2=" " tag="010"><subfield code="a">sn 88051084 </subfield></datafield><datafield ind1=" " ind2=" " tag="040"><subfield code="a">ANU</subfield><subfield code="b">eng</subfield><subfield code="c">ANU</subfield><subfield code="d">OCLCQ</subfield></datafield><datafield ind1=" " ind2=" " tag="042"><subfield code="a">msc</subfield></datafield><datafield ind1="0" ind2=" " tag="130"><subfield code="a">Madison County Democrat (Huntsville, Ark. : 1885)</subfield></datafield><datafield ind1="1" ind2="0" tag="245"><subfield code="a">Madison County Democrat.</subfield></datafield><datafield ind1="3" ind2="0" tag="246"><subfield code="a">Democrat</subfield></datafield><datafield ind1=" " ind2=" " tag="260"><subfield code="a">Huntsville, Madison Co., Ark. :</subfield><subfield code="b">W.M. Baldwin</subfield></datafield><datafield ind1=" " ind2=" " tag="300"><subfield code="a">v.</subfield></datafield><datafield ind1=" " ind2=" " tag="310"><subfield code="a">Weekly</subfield></datafield><datafield ind1="1" ind2=" " tag="362"><subfield code="a">Began in 1895.</subfield></datafield><datafield ind1="0" ind2=" " tag="362"><subfield code="a">-v. 33, no. 3 (July 17, 1919).</subfield></datafield><datafield ind1=" " ind2=" " tag="500"><subfield code="a">Published as: Democrat, &lt;May 31 and Aug. 23, 1888&gt;.</subfield></datafield><datafield ind1=" " ind2=" " tag="588"><subfield code="a">Description based on: Vol. 1, no. 5 (Oct. 21, 1885).</subfield></datafield><datafield ind1=" " ind2=" " tag="752"><subfield code="a">United States</subfield><subfield code="b">Arkansas</subfield><subfield code="c">Madison</subfield><subfield code="d">Huntsville.</subfield></datafield><datafield ind1="0" ind2="7" tag="785"><subfield code="t">Huntsville Republican (Huntsville, Ark.)</subfield><subfield code="w">(DLC)sn 88051083</subfield></datafield><datafield ind1="0" ind2="7" tag="785"><subfield code="t">Madison County record (Huntsville, Ark. : 1919)</subfield><subfield code="w">(DLC)sn 88051085</subfield></datafield><datafield ind1="1" ind2=" " tag="029"><subfield code="a">AU@</subfield><subfield code="b">000025804632</subfield></datafield></record>